This file was created with JabRef 2.2.
Encoding: MacRoman

@article{mcconville2020tutorial,
  title={A tutorial on model-assisted estimation with application to forest inventory},
  author={McConville, Kelly S and Moisen, Gretchen G and Frescino, Tracey S},
  journal={Forests},
  volume={11},
  number={2},
  pages={244},
  year={2020},
  publisher={MDPI}
}
@book{gelman1995bayesian,
  title={Bayesian data analysis},
  author={Gelman, Andrew and Carlin, John B and Stern, Hal S and Rubin, Donald B},
  year={1995},
  publisher={Chapman and Hall/CRC}
}
@article{pfeffermann2008small,
  title={Small area estimation under a two-part random effects model with application to estimation of literacy in developing countries},
  author={Pfeffermann, Danny and Terryn, B{\'e}n{\'e}dicte and Moura, Fernando AS},
  journal={Survey Methodology},
  volume={34},
  number={2},
  pages={235--249},
  year={2008}
}
@article{gelman2006prior,
  title={Prior distributions for variance parameters in hierarchical models (comment on article by Browne and Draper)},
  author={Gelman, Andrew},
  year={2006}
}
@inproceedings{toney2008stem,
  title={A stem-map model for predicting tree canopy cover of Forest Inventory and Analysis (FIA) plots},
  author={Toney, Chris and Shaw, John D and Nelson, Mark D},
  booktitle={Forest Inventory and Analysis Symposium},
  year={2008}
}
@book{wickham2019advanced,
  title={Advanced r},
  author={Wickham, Hadley},
  year={2019},
  publisher={CRC press}
}
@book{johnson2022bayes,
  title={Bayes rules!: an introduction to applied Bayesian modeling},
  author={Johnson, Alicia A and Ott, Miles Q and Dogucu, Mine},
  year={2022},
  publisher={CRC Press}
}

@article{krieg2016small,
  title={Small-area estimation with zero-inflated data--a simulation study},
  author={Krieg, Sabine and Boonstra, Harm Jan and Smeets, Marc},
  journal={Journal of Official Statistics},
  volume={32},
  number={4},
  pages={963--986},
  year={2016}
}
@article{dreassi2014small,
  title={Small area estimation for semicontinuous skewed spatial data: An application to the grape wine production in Tuscany},
  author={Dreassi, Emanuela and Petrucci, Alessandra and Rocco, Emilia},
  journal={Biometrical Journal},
  volume={56},
  number={1},
  pages={141--156},
  year={2014},
  publisher={Wiley Online Library}
}

@article{chandra2012small,
  title={Small area estimation for zero-inflated data},
  author={Chandra, Hukum and Sud, UC},
  journal={Communications in Statistics-Simulation and Computation},
  volume={41},
  number={5},
  pages={632--643},
  year={2012},
  publisher={Taylor \& Francis}
}

@article{white2021hierarchical,
  title={Hierarchical Bayesian Small Area Estimation Using Weakly Informative Priors in Ecologically Homogeneous Areas of the Interior Western Forests},
  author={White, Grayson W and McConville, Kelly S and Moisen, Gretchen G and Frescino, Tracey S},
  journal={Frontiers in Forests and Global Change},
  pages={178},
  year={2021},
  publisher={Frontiers}
}
@book{gelman2006data,
  title={Data analysis using regression and multilevel/hierarchical models},
  author={Gelman, Andrew and Hill, Jennifer},
  year={2006},
  publisher={Cambridge university press}
}
@book{rao2015small,
  title={Small area estimation},
  author={Rao, John NK and Molina, Isabel},
  year={2015},
  publisher={John Wiley \& Sons}
}
@article{datta1991bayesian,
  title={Bayesian prediction in linear models: Applications to small area estimation},
  author={Datta, Gauri Sankar and Ghosh, Malay},
  journal={The Annals of Statistics},
  pages={1748--1770},
  year={1991},
  publisher={JSTOR}
}
